@article{DBLP:journals/corr/MitraC17,
  author    = {Bhaskar Mitra and
               Nick Craswell},
  title     = {Neural Models for Information Retrieval},
  journal   = {CoRR},
  volume    = {abs/1705.01509},
  year      = {2017},
  url       = {http://arxiv.org/abs/1705.01509},
  archivePrefix = {arXiv},
  eprint    = {1705.01509},
  timestamp = {Mon, 13 Aug 2018 16:46:28 +0200},
  biburl    = {https://dblp.org/rec/bib/journals/corr/MitraC17},
  bibsource = {dblp computer science bibliography, https://dblp.org}
}
@article{DBLP:journals/corr/abs-1802-10078,
  author    = {Sunil Mohan and
               Nicolas Fiorini and
               Sun Kim and
               Zhiyong Lu},
  title     = {A Fast Deep Learning Model for Textual Relevance in Biomedical Information
               Retrieval},
  journal   = {CoRR},
  volume    = {abs/1802.10078},
  year      = {2018},
  url       = {http://arxiv.org/abs/1802.10078},
  archivePrefix = {arXiv},
  eprint    = {1802.10078},
  timestamp = {Mon, 13 Aug 2018 16:45:59 +0200},
  biburl    = {https://dblp.org/rec/bib/journals/corr/abs-1802-10078},
  bibsource = {dblp computer science bibliography, https://dblp.org}
}
@article{DBLP:journals/corr/abs-2001-09896,
  author    = {Amir Jalilifard and
               Vinicius Fernandes Carid{\'{a}} and
               Alex Mansano and
               Rogers Cristo},
  title     = {Semantic Sensitive {TF-IDF} to Determine Word Relevance in Documents},
  journal   = {CoRR},
  volume    = {abs/2001.09896},
  year      = {2020},
  url       = {https://arxiv.org/abs/2001.09896},
  archivePrefix = {arXiv},
  eprint    = {2001.09896},
  timestamp = {Thu, 30 Jan 2020 18:46:36 +0100},
  biburl    = {https://dblp.org/rec/journals/corr/abs-2001-09896.bib},
  bibsource = {dblp computer science bibliography, https://dblp.org}
}
@article{DBLP:journals/corr/abs-2001-07075,
  author    = {Sagar Uprety and
               Prayag Tiwari and
               Shahram Dehdashti and
               Lauren Fell and
               Dawei Song and
               Peter Bruza and
               Massimo Melucci},
  title     = {Quantum-like Structure in Multidimensional Relevance Judgements},
  journal   = {CoRR},
  volume    = {abs/2001.07075},
  year      = {2020},
  url       = {https://arxiv.org/abs/2001.07075},
  archivePrefix = {arXiv},
  eprint    = {2001.07075},
  timestamp = {Fri, 24 Jan 2020 15:00:57 +0100},
  biburl    = {https://dblp.org/rec/journals/corr/abs-2001-07075.bib},
  bibsource = {dblp computer science bibliography, https://dblp.org}
}
@article{DBLP:journals/corr/abs-1910-00314,
  author    = {Yatin Chaudhary and
               Pankaj Gupta and
               Hinrich Sch{\"{u}}tze},
  title     = {BioNLP-OST 2019 RDoC Tasks: Multi-grain Neural Relevance Ranking Using
               Topics and Attention Based Query-Document-Sentence Interactions},
  journal   = {CoRR},
  volume    = {abs/1910.00314},
  year      = {2019},
  url       = {http://arxiv.org/abs/1910.00314},
  archivePrefix = {arXiv},
  eprint    = {1910.00314},
  timestamp = {Fri, 04 Oct 2019 12:28:06 +0200},
  biburl    = {https://dblp.org/rec/journals/corr/abs-1910-00314.bib},
  bibsource = {dblp computer science bibliography, https://dblp.org}
}
@article{DBLP:journals/corr/abs-1909-06859,
  author    = {Shihao Zou and
               Zhonghua Li and
               Mohammad Akbari and
               Jun Wang and
               Peng Zhang},
  title     = {MarlRank: Multi-agent Reinforced Learning to Rank},
  journal   = {CoRR},
  volume    = {abs/1909.06859},
  year      = {2019},
  url       = {http://arxiv.org/abs/1909.06859},
  archivePrefix = {arXiv},
  eprint    = {1909.06859},
  timestamp = {Mon, 04 Nov 2019 10:09:06 +0100},
  biburl    = {https://dblp.org/rec/journals/corr/abs-1909-06859.bib},
  bibsource = {dblp computer science bibliography, https://dblp.org}
}
@article{DBLP:journals/corr/abs-1907-08657,
  author    = {Dany Haddad and
               Joydeep Ghosh},
  title     = {Learning More From Less: Towards Strengthening Weak Supervision for
               Ad-Hoc Retrieval},
  journal   = {CoRR},
  volume    = {abs/1907.08657},
  year      = {2019},
  url       = {http://arxiv.org/abs/1907.08657},
  archivePrefix = {arXiv},
  eprint    = {1907.08657},
  timestamp = {Tue, 30 Jul 2019 12:52:26 +0200},
  biburl    = {https://dblp.org/rec/journals/corr/abs-1907-08657.bib},
  bibsource = {dblp computer science bibliography, https://dblp.org}
}
@article{DBLP:journals/corr/abs-1908-06132,
  author    = {Rodrigo Nogueira},
  title     = {Learning Representations and Agents for Information Retrieval},
  journal   = {CoRR},
  volume    = {abs/1908.06132},
  year      = {2019},
  url       = {http://arxiv.org/abs/1908.06132},
  archivePrefix = {arXiv},
  eprint    = {1908.06132},
  timestamp = {Mon, 26 Aug 2019 13:20:40 +0200},
  biburl    = {https://dblp.org/rec/journals/corr/abs-1908-06132.bib},
  bibsource = {dblp computer science bibliography, https://dblp.org}
}